@inproceedings{opencl,
   author = {Khronos Group},
   title = {OpenCL 1.0 specification},
   year = {2009}
}

@article{bigdft_gpu,
   author = {{Genovese}, L. and {Ospici}, M. and {Deutsch}, T. and {M{\'e}haut}, {J.-F.} and 
   {Neelov}, A. and {Goedecker}, S.},
    title = "{Density functional theory calculation on many-cores hybrid central processing unit-graphic processing unit architectures}",
 keywords = {Theory of electronic structure, electronic transitions, and chemical binding, Density-functional theory},
     year = 2009,
    month = jul,
   volume = 131,
   number = 3,
}


@inproceedings{volkov_tune,
 author = {Volkov, Vasily and Demmel, James W.},
 title = {Benchmarking GPUs to tune dense linear algebra},
 booktitle = {SC '08: Proceedings of the 2008 ACM/IEEE conference on Supercomputing},
 year = {2008},
 isbn = {978-1-4244-2835-9},
 pages = {1--11},
 location = {Austin, Texas},
 publisher = {IEEE Press},
 address = {Piscataway, NJ, USA},
 }

@inproceedings{starpu_unified,
 author = {Augonnet, C\'{e}dric and Thibault, Samuel and Namyst, Raymond and Wacrenier, Pierre-Andr\'{e}},
 title = {StarPU: A Unified Platform for Task Scheduling on Heterogeneous Multicore Architectures},
 booktitle = {Euro-Par '09: Proceedings of the 15th International Euro-Par Conference on Parallel Processing},
 year = {2009},
 isbn = {978-3-642-03868-6},
 pages = {863--874},
 location = {Delft, The Netherlands},
 doi = {http://dx.doi.org/10.1007/978-3-642-03869-3_80},
 publisher = {Springer-Verlag},
 address = {Berlin, Heidelberg},
 }

@inproceedings{dph,
 author = {Chakravarty, Manuel M. T. and Leshchinskiy, Roman and Jones, Simon Peyton and Keller, Gabriele and Marlow, Simon},
 title = {Data parallel Haskell: a status report},
 booktitle = {DAMP '07: Proceedings of the 2007 workshop on Declarative aspects of multicore programming},
 year = {2007},
 isbn = {978-1-59593-690-5},
 pages = {10--18},
 location = {Nice, France},
 doi = {http://doi.acm.org/10.1145/1248648.1248652},
 publisher = {ACM},
 address = {New York, NY, USA},
 }

